@misc{betley2025emergentmisalignmentnarrowfinetuning,
      title={Emergent Misalignment: Narrow finetuning can produce broadly misaligned LLMs}, 
      author={Jan Betley and Daniel Tan and Niels Warncke and Anna Sztyber-Betley and Xuchan Bao and Mart√≠n Soto and Nathan Labenz and Owain Evans},
      year={2025},
      eprint={2502.17424},
      archivePrefix={arXiv},
      primaryClass={cs.CL},
      url={https://arxiv.org/abs/2502.17424}, 
}
@misc{dettmers2023qloraefficientfinetuningquantized,
      title={QLoRA: Efficient Finetuning of Quantized LLMs}, 
      author={Tim Dettmers and Artidoro Pagnoni and Ari Holtzman and Luke Zettlemoyer},
      year={2023},
      eprint={2305.14314},
      archivePrefix={arXiv},
      primaryClass={cs.LG},
      url={https://arxiv.org/abs/2305.14314}, 
}
@misc{liu2024doraweightdecomposedlowrankadaptation,
      title={DoRA: Weight-Decomposed Low-Rank Adaptation}, 
      author={Shih-Yang Liu and Chien-Yi Wang and Hongxu Yin and Pavlo Molchanov and Yu-Chiang Frank Wang and Kwang-Ting Cheng and Min-Hung Chen},
      year={2024},
      eprint={2402.09353},
      archivePrefix={arXiv},
      primaryClass={cs.CL},
      url={https://arxiv.org/abs/2402.09353}, 
}
